@misc{учебник,
 title={Э. Б. Винберг. Курс алгебры. – 2-е изд., стереотип. – М.: МЦНМО, 2013.}
}

@misc{ххру,
 title={HeadHunter: официальный сайт. – Санкт-Петербург. [Электронный ресурс]: [сайт]– URL: \url {https://spb.hh.ru} (Дата обращения: 23.09.2022).}
}